@article{irg:websearch,
    author = {И. Некрестьянов{,} Н. Пантелеева},
    title = {Системы текстового поиска для Веб},
    journal = {Программирование},
    year = 2002,
	volume = 28,
	number = 4,
	pages = {207-225}
}

@article{irg:eval,
    author = {И. Кураленок{,} И. Некрестьянов},
    title = {Оценка систем текстового поиска},
    journal = {Программирование},
    year = 2002,
	volume = 28,
	number = 4,
	pages = {226-242}
}

@article{yandex:voprosy,
 author = {Яндекс},
 title = {Вечные вопросы},
 journal = {http://www.yandex.ru/skazki/skazka104.html},
 year = {Документ был доступен 01.10.2003}
}


@article{dempster:em,
  author = {A.P. Dempster and N.M. Laird and D.B.Rubin},
  title = {Maximum likelihood from incomplete data via the {EM} algorithm (with discussion)},
  journal = {Journal of the Royal Statistical Society series B},
  year = 1977,
  volume = 39,
  pages = {1-38}
}

@book{baeza99modernir,
  author = {Ricardo Baeza-Yates and Berthier Ribeiro-Neto},
  title = {Modern Information Retrieval},
  publisher = {ACM Press},
  year = 1999
}

@inproceedings{qa:clarke:corpus_size_impact,
 author = {C.L.A. Clarke and G.V. Cormack and M. Laszlo and T.R. Lynam and E.L. Terra},
 title = {The Impact of Corpus Size on Question Answering Performance},
 year = {2002},
 booktitle = {Proc. of the ACM SIGIR'02}
}

@inproceedings{qa:clarke:web_reinforced,
 author = {C.L.A. Clarke and G.V. Cormack and T.R. Lynam and C.M. Li and G.L. McLearn},
 title = {Web Reinforced Question Answering},
 year = {2001},
 booktitle = {Proc. of the TREC-10},
 pages = {673--679}
}

@inproceedings{qa:clarke:redundancy,
 author = {C.L.A. Clarke and G.V.Cormack and T.R. Lynam},
 title = {Exploiting Redundancy in Question Answering},
 year = {2001},
 booktitle = {Proc. of the ACM SIGIR'01},
 pages = {358-365}
}

@inproceedings{qa:clarke:passage,
 author = {C.L.A. Clarke and G.V. Cormack and D.I.E. Kisman and T.R. Lynam},
 title = {Question Answering by Passage Selection},
 booktitle = {Proc. of the TREC-9},
 year = 2001,
 pages = {673-683}
}

@inproceedings{qa:Mulder,
 author = {Cody C. T. Kwok and Oren Etzioni and Daniel S. Weld},
 title = {Scaling Question Answering to the {W}eb},
 year = {2001},
 booktitle = {Proc. of the WWW-10},
 pages = {150-161}
}

@inproceedings{qa:radev:qasm,
 author = {Dragomir R. Radev and Hong Qi and Zhiping Zheng and Sasha Blair-Goldensohn and Zhu Zhang and Weiguo Fan and John Prager},
 title = {Mining the {W}eb for Answers to Natural Language Questions},
 year = {2001},
 booktitle = {Proc. of the ACM CIKM 2001},
 pages = {143-150}
}

@inproceedings{qa:Tritus,
 author = {E. Agichtein and S. Lawrence and L. Gravano},
 title = {Learning Search Engine Specific Query Transformations for Question Answering},
 year = {2001},
 booktitle = {Proc. of the WWW-10},
 pages = {169-178}
}

@inproceedings{qa:TREC8:evaluation,
 author = {Ellen M. Voorhees and Dawn M. Tice},
 title = {The {TREC}-8 Question Answering Track Evaluation},
 year = {2000},
 booktitle = {Proc. of the TREC-8},
 pages = {83-105}
}

@inproceedings{glover:learning_qms,
  author = {Eric Glover and Gary Flake and Steve Lawrence and  William~P. Birmingham and Andries Kruger and C.~Lee Giles and David Pennock},
  title = {Improving Category Specific {W}eb Search by Learning Query Modifications},
  booktitle = {Proc. of the SAINT'01},
  year = {2001},
  pages = {23-31}
}

@inproceedings{qa:soubbotin,
 author = {M.M. Soubbotin},
 title = {Patterns of Potential Answer Expressions as Clues to the Right Answers},
 year = {2001},
 booktitle = {Proc. of the TREC-10}
}

@article{qa:radev:getting_answers,
 author = {Dragomir Radev and Kelsey Libner and Weiguo Fan},
 title ={Getting Answers to Natural Language Questions on the {W}eb},
 year = {2002},
 volume = 5,
 number = 53,
 pages = {359-364},
 journal = {Journal of the American Society for Information Science and Technology}
}

@inproceedings{qa:Harabagiu,
 author = {Sanda M. Harabagiu and Marius A. Pasca and Steven J. Mairoano},
 title = {Experiments with Open-Domain Textual Question Answering},
 year = {2000},
 booktitle = {Proc. of the COLIN-2000},
 pages = {292-298}
}


@inproceedings{qa:dumais:redundancy,
 author = {Susan Dumais and Michelle Banko and Eric Brill and Jimmy Lin and Andrew Ng},
 title = {Web Question Answering: Is More Always Better?},
 year = {2002},
 booktitle = {Proc. of the ACM SIGIR'02},
 pages = {291-298}
}

@inproceedings{admire,
 author = {Lieming Huang and Matthias Hemmje and Erich J. Neuhold},
 title = {{ADMIRE}: An Adaptive Data Model for Meta Search Engines},
 year = {2000},
 booktitle = {Proc. of the WWW-9}
}

@inproceedings{qa:AnswerBus,
 author = {Zhiping Zheng},
 title = {{A}nswer{B}us Question Answering System},
 year = {2002},
 booktitle = {Proc. of the HLT 2002}
}

@inproceedings{qa:Harabagiu:falcon,
 author = {Sanda Harabagiu and Dan Moldovan and Marius Pasca and Rada Mihalcea and Mihai Surdeanu and Razvan Bunescu and Roxana Girju and Vasile Rus and Paul Morarescu},
 title = {Falcon: Boosting Knowledge for Answer Engines},
 year = 2000,
 booktitle = {Proc. of the COLIN-2000},
 pages = {479-488}
}
